% references
%
@article{Mangano:2005cc,
      author         = "Mangano, Gianpiero and Miele, Gennaro and Pastor, Sergio
                        and Pinto, Teguayco and Pisanti, Ofelia and others",
      title          = "{Relic neutrino decoupling including flavor
                        oscillations}",
      journal        = "Nucl.Phys.",
      volume         = "B729",
      pages          = "221-234",
      doi            = "10.1016/j.nuclphysb.2005.09.041",
      year           = "2005",
      eprint         = "hep-ph/0506164",
      archivePrefix  = "arXiv",
      primaryClass   = "hep-ph",
      reportNumber   = "DSF-16-2005, IFIC-05-17, MPP-2005-36",
      SLACcitation   = "%%CITATION = HEP-PH/0506164;%%",
}
